%% This BibTeX bibliography file was created using BibDesk.
%% http://bibdesk.sourceforge.net/


%% Created for Klaus Ableitinger at 2016-02-18 21:56:35 +0100 


%% Saved with string encoding Unicode (UTF-8) 



@webpage{sqlite-jdbc,
	Date-Added = {2016-02-18 20:55:34 +0000},
	Date-Modified = {2016-02-18 20:56:31 +0000},
	Lastchecked = {18. Feb. 2016},
	Month = {Oct},
	Url = {http://search.maven.org/#artifactdetails|org.xerial|sqlite-jdbc|3.8.11.2|jar},
	Year = {2015}}

@webpage{tomcat-hp,
	Date-Added = {2016-02-18 07:52:06 +0000},
	Date-Modified = {2016-02-18 07:53:12 +0000},
	Lastchecked = {16. Feb. 2016},
	Url = {http://tomcat.apache.org/},
	Year = {1999-2016},
	Bdsk-Url-1 = {http://tomcat.apache.org/}}

@webpage{gradle-jersey-tutorial,
	Author = {Jason Ray},
	Date-Added = {2016-02-18 07:40:00 +0000},
	Date-Modified = {2016-02-18 07:44:38 +0000},
	Lastchecked = {18. Feb. 2016},
	Read = {0},
	Url = {https://github.com/jasonray/jersey-starterkit/wiki/Create-a-%22Hello-World%22-jersey-project},
	Year = {2016},
	Bdsk-Url-1 = {https://github.com/jasonray/jersey-starterkit/wiki/Create-a-%22Hello-World%22-jersey-project}}
